%% This BibTeX bibliography file was created using BibDesk.
%% http://bibdesk.sourceforge.net/

%% Created for Dave at 2015-09-23 09:11:50 +0100 


%% Saved with string encoding Unicode (UTF-8) 



@inproceedings{gribben2015toward,
	Author = {Gribben, Christopher and Lee, Hyunkook},
	Booktitle = {Audio Engineering Society Convention 138},
	Date-Added = {2015-09-23 08:11:17 +0000},
	Date-Modified = {2015-09-23 08:11:17 +0000},
	Organization = {Audio Engineering Society},
	Title = {Toward the Development of a Universal Listening Test Interface Generator in Max},
	Year = {2015}}

@conference{waet,
	Author = {Nicholas Jillings and David Moffat and De Man, Brecht and Joshua D. Reiss},
	Booktitle = {12th Sound and Music Computing Conference},
	Date-Added = {2015-09-22 16:48:27 +0000},
	Date-Modified = {2015-09-22 16:48:33 +0000},
	Month = {July},
	Read = {1},
	Title = {Web {A}udio {E}valuation {T}ool: {A} browser-based listening test environment},
	Year = {2015}}
