%% This BibTeX bibliography file was created using BibDesk.
%% http://bibdesk.sourceforge.net/

%% Created for Brecht De Man at 2015-12-07 15:24:14 +0100 


%% Saved with string encoding Unicode (UTF-8) 



@book{mushra,
	Date-Added = {2015-12-07 14:24:08 +0000},
	Date-Modified = {2015-12-07 14:24:08 +0000},
	Keywords = {standard},
	Publisher = {Recommendation {ITU-R BS.1534-1}},
	Read = {1},
	Title = {Method for the subjective assessment of intermediate quality level of coding systems},
	Year = {2003},
	Bdsk-File-1 = {YnBsaXN0MDDUAQIDBAUGJCVYJHZlcnNpb25YJG9iamVjdHNZJGFyY2hpdmVyVCR0b3ASAAGGoKgHCBMUFRYaIVUkbnVsbNMJCgsMDxJXTlMua2V5c1pOUy5vYmplY3RzViRjbGFzc6INDoACgAOiEBGABIAFgAdccmVsYXRpdmVQYXRoWWFsaWFzRGF0YV8QaC4uLy4uLy4uLy4uL0dvb2dsZSBEcml2ZS9Eb2N1bWVudHMvUGFwZXJzL1RlY2huaWNhbCBEb2N1bWVudHMvTVVTSFJBIFItUkVDLUJTLjE1MzQtMS0yMDAzMDEtSSEhUERGLUUucGRm0hcLGBlXTlMuZGF0YU8RAk4AAAAAAk4AAgAADE1hY2ludG9zaCBIRAAAAAAAAAAAAAAAAAAAANBcXYdIKwAAAApoyx9NVVNIUkEgUi1SRUMtQlMuMTUzNC0jQUI2NTUucGRmAAAAAAAAAAAAAAAAAAAAAAAAAAAAAAAAAAAAAAAAAAAACrZVzdlVaAAAAAAAAAAAAAQABQAACSAAAAAAAAAAAAAAAAAAAAATVGVjaG5pY2FsIERvY3VtZW50cwAAEAAIAADQXEFnAAAAEQAIAADN2TlIAAAAAQAYAApoywAKXxEACl67AApdAgAJRF4AApPVAAIAcU1hY2ludG9zaCBIRDpVc2VyczoAQnJlY2h0OgBHb29nbGUgRHJpdmU6AERvY3VtZW50czoAUGFwZXJzOgBUZWNobmljYWwgRG9jdW1lbnRzOgBNVVNIUkEgUi1SRUMtQlMuMTUzNC0jQUI2NTUucGRmAAAOAFYAKgBNAFUAUwBIAFIAQQAgAFIALQBSAEUAQwAtAEIAUwAuADEANQAzADQALQAxAC0AMgAwADAAMwAwADEALQBJACEAIQBQAEQARgAtAEUALgBwAGQAZgAPABoADABNAGEAYwBpAG4AdABvAHMAaAAgAEgARAASAGlVc2Vycy9CcmVjaHQvR29vZ2xlIERyaXZlL0RvY3VtZW50cy9QYXBlcnMvVGVjaG5pY2FsIERvY3VtZW50cy9NVVNIUkEgUi1SRUMtQlMuMTUzNC0xLTIwMDMwMS1JISFQREYtRS5wZGYAABMAAS8AABUAAgAN//8AAIAG0hscHR5aJGNsYXNzbmFtZVgkY2xhc3Nlc11OU011dGFibGVEYXRhox0fIFZOU0RhdGFYTlNPYmplY3TSGxwiI1xOU0RpY3Rpb25hcnmiIiBfEA9OU0tleWVkQXJjaGl2ZXLRJidUcm9vdIABAAgAEQAaACMALQAyADcAQABGAE0AVQBgAGcAagBsAG4AcQBzAHUAdwCEAI4A+QD+AQYDWANaA18DagNzA4EDhQOMA5UDmgOnA6oDvAO/A8QAAAAAAAACAQAAAAAAAAAoAAAAAAAAAAAAAAAAAAADxg==}}

@conference{ape,
	Author = {De Man, Brecht and Joshua D. Reiss},
	Booktitle = {136th Convention of the Audio Engineering Society},
	Date-Added = {2015-09-29 17:07:16 +0000},
	Date-Modified = {2015-09-29 17:07:20 +0000},
	Keywords = {perceptual evaluation},
	Month = {April},
	Read = {1},
	Title = {{APE}: {A}udio {P}erceptual {E}valuation toolbox for {MATLAB}},
	Year = {2014},
	Bdsk-File-1 = {YnBsaXN0MDDUAQIDBAUGJCVYJHZlcnNpb25YJG9iamVjdHNZJGFyY2hpdmVyVCR0b3ASAAGGoKgHCBMUFRYaIVUkbnVsbNMJCgsMDxJXTlMua2V5c1pOUy5vYmplY3RzViRjbGFzc6INDoACgAOiEBGABIAFgAdccmVsYXRpdmVQYXRoWWFsaWFzRGF0YV8QOi4uLy4uLy4uLy4uL0dvb2dsZSBEcml2ZS9Xcml0aW5ncy9fcHVibGljYXRpb25zL2FlczEzNi5wZGbSFwsYGVdOUy5kYXRhTxEBsgAAAAABsgACAAAMTWFjaW50b3NoIEhEAAAAAAAAAAAAAAAAAAAA0Fxdh0grAAAACl8UCmFlczEzNi5wZGYAAAAAAAAAAAAAAAAAAAAAAAAAAAAAAAAAAAAAAAAAAAAAAAAAAAAAAAAAAAAAAAAAAAAAAAAKaS7PXHsUAAAAAAAAAAAABAAEAAAJIAAAAAAAAAAAAAAAAAAAAA1fcHVibGljYXRpb25zAAAQAAgAANBcQWcAAAARAAgAAM9cbQQAAAABABQACl8UAApeugAKXQIACUReAAKT1QACAE1NYWNpbnRvc2ggSEQ6VXNlcnM6AEJyZWNodDoAR29vZ2xlIERyaXZlOgBXcml0aW5nczoAX3B1YmxpY2F0aW9uczoAYWVzMTM2LnBkZgAADgAWAAoAYQBlAHMAMQAzADYALgBwAGQAZgAPABoADABNAGEAYwBpAG4AdABvAHMAaAAgAEgARAASADtVc2Vycy9CcmVjaHQvR29vZ2xlIERyaXZlL1dyaXRpbmdzL19wdWJsaWNhdGlvbnMvYWVzMTM2LnBkZgAAEwABLwAAFQACAA3//wAAgAbSGxwdHlokY2xhc3NuYW1lWCRjbGFzc2VzXU5TTXV0YWJsZURhdGGjHR8gVk5TRGF0YVhOU09iamVjdNIbHCIjXE5TRGljdGlvbmFyeaIiIF8QD05TS2V5ZWRBcmNoaXZlctEmJ1Ryb290gAEACAARABoAIwAtADIANwBAAEYATQBVAGAAZwBqAGwAbgBxAHMAdQB3AIQAjgDLANAA2AKOApAClQKgAqkCtwK7AsICywLQAt0C4ALyAvUC+gAAAAAAAAIBAAAAAAAAACgAAAAAAAAAAAAAAAAAAAL8}}

@conference{waet,
	Author = {Nicholas Jillings and David Moffat and De Man, Brecht and Joshua D. Reiss},
	Booktitle = {12th Sound and Music Computing Conference},
	Date-Added = {2015-09-22 16:48:27 +0000},
	Date-Modified = {2015-09-22 16:48:33 +0000},
	Month = {July},
	Read = {1},
	Title = {Web {A}udio {E}valuation {T}ool: {A} browser-based listening test environment},
	Year = {2015}}
