%% This BibTeX bibliography file was created using BibDesk.
%% http://bibdesk.sourceforge.net/

%% Created for Brecht De Man at 2015-09-30 17:44:12 +0200 


%% Saved with string encoding Unicode (UTF-8) 



@conference{ape,
	Author = {De Man, Brecht and Joshua D. Reiss},
	Booktitle = {136th Convention of the Audio Engineering Society},
	Date-Added = {2015-09-29 17:07:16 +0000},
	Date-Modified = {2015-09-29 17:07:20 +0000},
	Keywords = {perceptual evaluation},
	Month = {April},
	Read = {1},
	Title = {{APE}: {A}udio {P}erceptual {E}valuation toolbox for {MATLAB}},
	Year = {2014},
	Bdsk-File-1 = {YnBsaXN0MDDUAQIDBAUGJCVYJHZlcnNpb25YJG9iamVjdHNZJGFyY2hpdmVyVCR0b3ASAAGGoKgHCBMUFRYaIVUkbnVsbNMJCgsMDxJXTlMua2V5c1pOUy5vYmplY3RzViRjbGFzc6INDoACgAOiEBGABIAFgAdccmVsYXRpdmVQYXRoWWFsaWFzRGF0YV8QOi4uLy4uLy4uLy4uL0dvb2dsZSBEcml2ZS9Xcml0aW5ncy9fcHVibGljYXRpb25zL2FlczEzNi5wZGbSFwsYGVdOUy5kYXRhTxEBsgAAAAABsgACAAAMTWFjaW50b3NoIEhEAAAAAAAAAAAAAAAAAAAA0Fxdh0grAAAACl8UCmFlczEzNi5wZGYAAAAAAAAAAAAAAAAAAAAAAAAAAAAAAAAAAAAAAAAAAAAAAAAAAAAAAAAAAAAAAAAAAAAAAAAKaS7PXHsUAAAAAAAAAAAABAAEAAAJIAAAAAAAAAAAAAAAAAAAAA1fcHVibGljYXRpb25zAAAQAAgAANBcQWcAAAARAAgAAM9cbQQAAAABABQACl8UAApeugAKXQIACUReAAKT1QACAE1NYWNpbnRvc2ggSEQ6VXNlcnM6AEJyZWNodDoAR29vZ2xlIERyaXZlOgBXcml0aW5nczoAX3B1YmxpY2F0aW9uczoAYWVzMTM2LnBkZgAADgAWAAoAYQBlAHMAMQAzADYALgBwAGQAZgAPABoADABNAGEAYwBpAG4AdABvAHMAaAAgAEgARAASADtVc2Vycy9CcmVjaHQvR29vZ2xlIERyaXZlL1dyaXRpbmdzL19wdWJsaWNhdGlvbnMvYWVzMTM2LnBkZgAAEwABLwAAFQACAA3//wAAgAbSGxwdHlokY2xhc3NuYW1lWCRjbGFzc2VzXU5TTXV0YWJsZURhdGGjHR8gVk5TRGF0YVhOU09iamVjdNIbHCIjXE5TRGljdGlvbmFyeaIiIF8QD05TS2V5ZWRBcmNoaXZlctEmJ1Ryb290gAEACAARABoAIwAtADIANwBAAEYATQBVAGAAZwBqAGwAbgBxAHMAdQB3AIQAjgDLANAA2AKOApAClQKgAqkCtwK7AsICywLQAt0C4ALyAvUC+gAAAAAAAAIBAAAAAAAAACgAAAAAAAAAAAAAAAAAAAL8}}

@conference{waet,
	Author = {Nicholas Jillings and David Moffat and De Man, Brecht and Joshua D. Reiss},
	Booktitle = {12th Sound and Music Computing Conference},
	Date-Added = {2015-09-22 16:48:27 +0000},
	Date-Modified = {2015-09-22 16:48:33 +0000},
	Month = {July},
	Read = {1},
	Title = {Web {A}udio {E}valuation {T}ool: {A} browser-based listening test environment},
	Year = {2015}}
